<collection xmlns="http://www.loc.gov/MARC21/slim">
<record>
  <leader>01731nam0a22002771i 450 </leader>
  <controlfield tag="001">IT\ICCU\CNCE\057559</controlfield>
  <controlfield tag="005">20110617000000.0</controlfield>
  <datafield tag="012" ind1=" " ind2=" ">
    <subfield code="a">i-i- a-r- t.nc *esa (3) 1594 (R)</subfield>
    <subfield code="2">fei</subfield>
  </datafield>
  <datafield tag="100" ind1=" " ind2=" ">
    <subfield code="a">20040421d1594        0itac0103    ba</subfield>
  </datafield>
  <datafield tag="101" ind1=" " ind2=" ">
    <subfield code="a">LAT</subfield>
  </datafield>
  <datafield tag="102" ind1=" " ind2=" ">
    <subfield code="a">IT</subfield>
  </datafield>
  <datafield tag="200" ind1="1" ind2=" ">
    <subfield code="a">Praxis aurea ciuilis recentissima Sacri regii consilii Magnae curiae Vicariae, et huius regni Neapol. In partes septem diuisa. In qua vltra iudicii ordinem, explicitissim ̈in textu positum, omnes fer ̈nullitates, quae in processus cursu committi, euitarique possunt in glosis pro tex. declaratione accommodatis, diffus ̈habentur. Nunc primum in lucem edita. Authore Ioanne Bernardino Muscatello v.i.d. Cum summarijs, &amp; indice copiosissimo</subfield>
  </datafield>
  <datafield tag="210" ind1=" " ind2=" ">
    <subfield code="a">Venetiis</subfield>
    <subfield code="c">sumptibus Andreae de Peregrinis bibliopolae Partenopae</subfield>
    <subfield code="d">1594</subfield>
    <subfield code="e">Venetijs</subfield>
    <subfield code="g">apud Franciscum Rampazetum</subfield>
    <subfield code="h">1614</subfield>
  </datafield>
  <datafield tag="215" ind1=" " ind2=" ">
    <subfield code="a">145, \1! c.</subfield>
    <subfield code="d">fol</subfield>
  </datafield>
  <datafield tag="620" ind1=" " ind2=" ">
    <subfield code="a">IT</subfield>
    <subfield code="d">Venezia</subfield>
  </datafield>
  <datafield tag="700" ind1=" " ind2="1">
    <subfield code="a">Moscatello,</subfield>
    <subfield code="b">Giovanni Bernardino</subfield>
    <subfield code="3">IT\ICCU\CNCA\009130</subfield>
  </datafield>
  <datafield tag="712" ind1="0" ind2="0">
    <subfield code="a">Peregrini, Andrea</subfield>
    <subfield code="3">IT\ICCU\CNCT\001239</subfield>
    <subfield code="4">650</subfield>
  </datafield>
  <datafield tag="712" ind1="0" ind2="0">
    <subfield code="a">Rampazetto, Francesco</subfield>
    <subfield code="c"> &lt;2.&gt;</subfield>
    <subfield code="3">IT\ICCU\CNCT\006247</subfield>
    <subfield code="4">650</subfield>
  </datafield>
  <datafield tag="790" ind1=" " ind2="1">
    <subfield code="a">Muscatellus,</subfield>
    <subfield code="b">Ioannes Bernardinus</subfield>
    <subfield code="3">IT\ICCU\CNCA\021102</subfield>
    <subfield code="z">Moscatello, Giovanni Bernardino</subfield>
  </datafield>
  <datafield tag="791" ind1="0" ind2="0">
    <subfield code="a">Pellegrino, Andrea</subfield>
    <subfield code="3">IT\ICCU\CNCT\002489</subfield>
    <subfield code="z">Peregrini, Andrea</subfield>
  </datafield>
  <datafield tag="791" ind1="0" ind2="0">
    <subfield code="a">Peregrinus, Andreas</subfield>
    <subfield code="3">IT\ICCU\CNCT\005372</subfield>
    <subfield code="z">Peregrini, Andrea</subfield>
  </datafield>
  <datafield tag="791" ind1="0" ind2="0">
    <subfield code="a">Peregrinis, Andreas de</subfield>
    <subfield code="3">IT\ICCU\CNCT\005373</subfield>
    <subfield code="z">Peregrini, Andrea</subfield>
  </datafield>
  <datafield tag="791" ind1="0" ind2="0">
    <subfield code="a">Pellegrinis, Andreas de</subfield>
    <subfield code="3">IT\ICCU\CNCT\005374</subfield>
    <subfield code="z">Peregrini, Andrea</subfield>
  </datafield>
  <datafield tag="801" ind1=" " ind2="3">
    <subfield code="a">IT</subfield>
    <subfield code="b">ICCU</subfield>
    <subfield code="c">20201115</subfield>
  </datafield>
  <datafield tag="899" ind1=" " ind2=" ">
    <subfield code="a">Biblioteca diocesana di Altamura - Gravina - Acquaviva delle Fonti. Gravina di Puglia</subfield>
    <subfield code="1">BA0142</subfield>
    <subfield code="2">BA1 16</subfield>
  </datafield>
  <datafield tag="899" ind1=" " ind2=" ">
    <subfield code="a">Biblioteca Apostolica Vaticana. Citt ̉del Vaticano</subfield>
    <subfield code="1">EX0001</subfield>
    <subfield code="2">ZCV 01</subfield>
  </datafield>
</record>
</collection>
